<?xml version="1.0" encoding="UTF-8"?><collection xmlns="http://www.loc.gov/MARC21/slim"><record><leader>00503nam--2200193-u-4500</leader><controlfield tag="001">000050350</controlfield><controlfield tag="002">20161230</controlfield><controlfield tag="005">20161230201048</controlfield><controlfield tag="008">070112s1000------------r-----000-0-eng-d</controlfield><datafield ind1=" " ind2=" " tag="020"><subfield code="a">0486417131</subfield></datafield><datafield ind1=" " ind2=" " tag="040"><subfield code="a">IFIN-HH</subfield></datafield><datafield ind1=" " ind2=" " tag="080"><subfield code="a">531.314:517.518:537.8</subfield></datafield><datafield ind1="1" ind2=" " tag="100"><subfield code="a">Dirac,Paul A.M</subfield></datafield><datafield ind1="1" ind2="0" tag="245"><subfield code="a">Lectures on Quantum Mechanics</subfield><subfield code="c">Paul A.M. Dirac</subfield></datafield><datafield ind1=" " ind2=" " tag="260"><subfield code="a">New York</subfield><subfield code="b">Dover Publications Inc</subfield><subfield code="c">2001</subfield></datafield><datafield ind1=" " ind2=" " tag="300"><subfield code="a">87 p</subfield></datafield><datafield ind1=" " ind2="4" tag="650"><subfield code="a">Quantum mechanics</subfield></datafield><datafield ind1=" " ind2=" " tag="852"><subfield code="c">530.14</subfield></datafield><datafield ind1=" " ind2=" " tag="CAT"><subfield code="a">Sys</subfield><subfield code="c">20110324</subfield><subfield code="h">144310</subfield></datafield></record></collection>